<?xml version="1.0" encoding="UTF-8"?><collection xmlns="http://www.loc.gov/MARC21/slim"><record><leader>00372nam--2200133-i-4500</leader><controlfield tag="001">000019030</controlfield><controlfield tag="002">20161230</controlfield><controlfield tag="005">20161230201033</controlfield><controlfield tag="008">060222s1000------------r-----000-0-eng-d</controlfield><datafield ind1=" " ind2=" " tag="100"><subfield code="a">Conrow, Kenneth</subfield></datafield><datafield ind1=" " ind2=" " tag="245"><subfield code="a">Mcdonald, richard n</subfield></datafield><datafield ind1=" " ind2=" " tag="260"><subfield code="a">Deductive Organic Chemistry.A Short Course</subfield></datafield><datafield ind1=" " ind2=" " tag="490"><subfield code="a">Reading/Mass., Addison-wesley Publ.Co., 1966. Xviii + 405 P</subfield></datafield><datafield ind1=" " ind2=" " tag="852"><subfield code="a">547</subfield></datafield></record></collection>